<?xml version="1.0" encoding="UTF-8"?><collection xmlns="http://www.loc.gov/MARC21/slim"><record><leader>00419nam--2200169-i-4500</leader><controlfield tag="001">000047958</controlfield><controlfield tag="002">20161230</controlfield><controlfield tag="005">20170113005056</controlfield><controlfield tag="008">060222s1000------------r-----000-0-eng-d</controlfield><datafield ind1=" " ind2=" " tag="080"><subfield code="a">517</subfield></datafield><datafield ind1=" " ind2=" " tag="100"><subfield code="a">Wylie, C. R</subfield></datafield><datafield ind1=" " ind2=" " tag="245"><subfield code="a">Advanced engineering mathematics</subfield></datafield><datafield ind1=" " ind2=" " tag="250"><subfield code="a">3rd edition</subfield></datafield><datafield ind1=" " ind2=" " tag="260"><subfield code="a">New York</subfield><subfield code="b">Mcgraw-hill Book Co</subfield><subfield code="c">1966</subfield></datafield><datafield ind1=" " ind2=" " tag="300"><subfield code="a">XIV + 813 p</subfield></datafield><datafield ind1=" " ind2=" " tag="852"><subfield code="a">24614</subfield><subfield code="c">517</subfield></datafield><datafield ind1=" " ind2=" " tag="CAT"><subfield code="a">SYS</subfield><subfield code="c">20170113</subfield><subfield code="h">005056</subfield></datafield></record></collection>